794 1625
76 319 77 346 i

76 348 78 372 Φ

75 378 159 413 fixere
173 383 261 416 telam,
276 391 353 418 quam
366 380 509 412 festinamm
523 385 616 412 librum
623 393 653 413 ac

91 428 290 455 tumultuarium
304 424 480 463 protrudendo
496 428 558 456 Rem
571 429 654 463 publi·

92 480 153 498 cam
160 471 279 499 fraudare
288 472 442 503 litterariam,
454 472 498 500 abs
508 480 557 507 qua
565 481 653 500 veten-

93 516 161 542 dum
169 521 237 549 erat,
254 524 286 542 ne
295 515 340 542 has
350 523 417 543 meas
425 515 534 548 schedas,
541 516 611 543 iustis
620 525 653 543 ex

92 558 195 591 cauffis,
211 559 337 592 ablegaret
349 559 382 586 ad
394 560 520 594 piper,‘et
532 561 653 597 quicquid

94 603 193 630 chartis
202 603 321 632 amicitur
334 603 434 640 ineptis.

144 726 253 754 Terram
269 733 338 753 certe
359 726 440 754 leuem
456 726 539 755 adhuc
563 734 653 762 precor

97 770 228 797 cineribus
257 770 274 797 h
295 798 299 807 Ἰ
321 771 390 797 inum
419 771 653 803 celeberrimorum,

97 815 267 841 Messzcxrmx
292 808 454 850 karruque,
478 814 572 848 Lipsiae
589 822 652 849 quos

97 859 162 885 olim
171 858 281 885 fautores
309 858 488 891 abui‚mirifico
503 859 565 885 meis
580 858 653 885 inser-

101 902 190 929 uiendi
206 902 278 929 Mufis
314 902 374 929 udio
384 902 510 934 incensos,
524 902 568 936 qui
583 901 653 935 saepe

100 946 196 979 iuueni,
210 946 339 981 scriptioni
353 946 461 978 intento,
472 945 608 978 suaserunt,
626 951 654 974 Vt

100 990 171 1017 lento
181 990 345 1024 procederem
359 990 451 1023 gradu,
470 998 516 1018 nec
528 989 655 1023 bibliopo-

101 1033 182 1072 larum
191 1033 307 1060 tabernas
315 1034 404 1061 nullius
412 1033 654 1061 momentiVolumi-

101 1077 177 1104 nibus
187 1084 327 1105 onerarem.
356 1077 397 1104 Ad
407 1077 572 1104 maturiorem
584 1077 654 1103 dein-

101 1120 134 1148 de
156 1126 263 1147 aetatem
286 1120 431 1155 proneam,
461 1120 517 1147 satis
531 1119 656 1154 perspexi,

101 1172 179 1200 quam
189 1163 255 1193 reeta
264 1164 328 1192 mihi
336 1172 366 1191 ac
374 1163 488 1191 salutaria
502 1164 599 1191 confilia
613 1164 656 1190 de-

102 1209 190 1236 derint
199 1207 384 1235 candidiffimae
391 1208 504 1242 animae,
524 1208 590 1235 inter
598 1215 657 1236 coe-

103 1253 159 1279 lites
167 1252 236 1280 nunc'
248 1252 442 1287 triumphantes.

383 1333 394 1346 ¹⁵
409 1340 423 1368 3
588 1330 659 1358 Haec
