2616 4994
136 955 1247 1063 XXXVmMoiietIuniio.17oz.p.441.edit.Belg.quoloco
1294 1025 1296 1034 ,

132 1064 232 1140 haec
247 1062 407 1142 exstant:
442 1065 490 1141 lls
499 1063 863 1162 fimtmalioformoz,
880 1091 943 1140 car
959 1066 1038 1139 Me.
1055 1061 1249 1138 Clercnela
1295 1095 1299 1137 ῑ

133 1165 200 1260 litt,
225 1168 267 1240 ni
274 1191 317 1240 ne
331 1165 365 1241 la
379 1172 528 1268 corrige.
579 1167 614 1243 Il
628 1193 650 1242 a
664 1165 740 1242 bien
759 1182 862 1242 autre
879 1164 986 1264 choise
1014 1163 1038 1238 d
1051 1162 1165 1261 serim,
1187 1166 1247 1269 qu’

29 1338 32 1352 ,
134 1268 158 1340 a*
161 1265 313 1368 prendre
314 1266 397 1363 stein
405 1268 445 1344 de
456 1267 653 1345 l’editiond
658 1271 667 1305 ’
683 1292 845 1369 ouvrage,
855 1265 1143 1353 commodari-lo,
1151 1263 1250 1371 quel’
1290 1280 1296 1308 ·'

135 1367 257 1466 onſsxit
275 1366 462 1474 biemqu’il
472 1396 514 1445 ne
522 1369 881 1470 seruroitoppr'ouoer.
932 1370 967 1444 Il
978 1367 1249 1471 esterffezoccupi

135 1468 334 1568 ouxfiens,
354 1487 448 1572 pour
461 1498 504 1547 ne
510 1488 578 1572 pos
590 1472 631 1571 se
646 1473 750 1548 nrdler
767 1471 806 1546 de
824 1497 915 1546 ceux
933 1470 1111 1561 d'outxui,
1127 1466 1255 1575 quand
1284 1482 1296 1508 “

134 1573 166 1649 il
175 1597 217 1648 en
239 1576 359 1650 retroit
379 1577 490 1652 meme
512 1599 578 1650 une
603 1590 700 1651 toute
714 1589 817 1650 autre
832 1574 913 1650 ide‘e.
963 1573 998 1649 ll
1014 1571 1160 1670 n’afait
1180 1596 1251 1676 que
1295 1610 1299 1654 τ

128 1678 324 1777 pareourir
346 1674 552 1777 legerement
567 1700 603 1751 ce
623 1677 817 1774 Journal,
836 1692 870 1753 et
890 1675 970 1753 n'en
992 1702 1016 1750 a
1036 1672 1080 1750 lei
1095 1699 1162 1780 que
1174 1674 1252 1751 tris
1298 1754 1299 1759 ,

128 1776 410 1879 peud'orticles.
458 1776 595 1865 Addici
609 1778 697 1856 sunt
711 1779 830 1857 etiam
847 1779 891 1873 in
905 1776 1081 1855 editione
1091 1775 1252 1892 Belgica
1291 1815 1299 1858 -;

44 1955 53 1971 ,
135 1879 233 1957 noui
256 1878 496 1993 quandoque
524 1879 698 1980 articuli,
728 1878 906 1959 asterisco
926 1879 1073 1979 notati,
1104 1905 1172 1984 qut
1197 1899 1252 1956 ta·
1271 1936 1285 1948 ..

60 2054 62 2061 ,
136 2000 232 2066 men
267 2006 309 2058 m
342 1978 646 2060 refutationibus
671 2008 812 2061 eorum
875 1983 1085 2086 letumque
1125 1976 1253 2059 const⁴
1296 2032 1299 2063 ;

94 2110 96 2114 ”
136 2080 255 2170 stunt,
281 2110 381 2186 quae
415 2085 458 2161 in
483 2082 570 2188 ipsis
601 2009 929 2191 Ephemeridibus
952 2081 1140 2189 peruerse
1166 2078 1253 2161 fue·

136 2208 224 2263 rant
239 2182 445 2290 propofita
460 2190 736 2265 Memorarunt
758 2208 959 2291 praeterea
976 2184 1116 2292 Belgae
1130 2188 1254 2263 Noua
1296 2246 1299 2262 ς

106 2287 345 2384 litteraria,
382 2288 545 2365 rariores
579 2287 803 2367 exhibentia
842 2285 1152 2369 Obseroationes
1194 2284 1250 2365 de
1288 2300 1299 2372 ‘2

138 2384 430 2477 controuersiis,
470 2388 617 2505 scriptis
647 2388 851 2480 edendis,⁴
872 2387 1119 2468 eruditorum
1143 2404 1291 2466 mot·.'-‘

137 2513 196 2587 te,
224 2490 391 2594 aliisque
417 2494 581 2594 egreglis
609 2516 652 2568 ac
679 2490 775 2591 scitu
814 2493 983 2569 maxime
1013 2483 1251 2568 necessariis.
1275 2503 1299 2578 “·,

137 2594 500 2670 Inuitarantautem
516 2618 657 2670 omnes
680 2591 879 2692 eruditos,
913 2616 956 2671 vt
978 2591 1026 2669 ad
1048 2591 1254 2696 bibliopo·
1291 2605 1299 2682 '·.

33 2722 39 2729 ·
137 2694 217 2770 lam
234 2691 513 2797 perferendum
530 2717 731 2793 curarent,
753 2694 947 2801 quidquid
966 2692 1083 2771 inseri
1099 2693 1254 2772 vellent
1297 2742 1299 2754 ι

138 2797 180 2872 in
201 2794 395 2899 'posterum
422 2795 517 2874 vhuic
543 2797 668 2900 Operi
688 2797 893 2875 litterario.
944 2797 1060 2896 Quae
1078 2793 1269 2873 diuerso·¹
1283 2794 1299 2851 ’ἓ

138 2923 227 2976 rum
250 2895 434 2997 schedae,
460 2923 482 2976 e
506 2899 647 3003 quibus
664 2899 762 2976 noui
780 2896 932 3004 semper
947 2895 1038 2976 facti
1054 2898 1141 2976 sunt
1163 2898 1258 2975 arti·
1297 2946 1299 2953 π

138 2998 240 3096 culi,
267 3025 392 3102 quum
423 3000 539 3077 nimis
567 2999 855 3099 excrescerent,
889 2999 1256 3081 commodissimum
1297 3081 1299 3087 ,

140 3102 293 3206 putauit
308 3100 465 3190 Editor,
491 3102 732 3205 Supplemento
748 3102 915 3202 addere,
943 3127 1166 3207 eorumque
1187 3102 1256 3178 To·
1297 3150 1299 3193 :

139 3226 222 3280 enus
243 3203 273 3277 I.
298 3229 391 3278 arereo
415 3228 500 3291 1702.
530 3203 689 3307 prodiit.
741 3209 777 3281 Is
803 3203 1083 3310 complediitur
1107 3203 1258 3309 potissi·
1297 3259 1299 3265 -

141 3329 254 3382 mum
267 3304 408 3380 Secreta
422 3311 561 3382 monita
575 3304 871 3406 Societatirlesu,
900 3329 1018 3409 atque
1039 3306 1129 3406 alia,
1151 3330 1257 3421 quae

141 3406 287 3485 horum
311 3406 524 3485 hominum
552 3432 675 3507 artes,
711 3431 751 3487 et
782 3411 903 3487 varias
941 3410 1045 3486 inter
1075 3407 1114 3486 se
1147 3408 1257 3510 lites,

142 3533 237 3612 quas
258 3507 300 3583 in
316 3509 447 3586 China
464 3509 695 3608 excitarant,
722 3509 915 3612 detegunt
941 3511 1158 3588 liberrime.
1209 3513 1260 3588 Et

21 802 22 809 ’
135 777 210 870 796
334 757 975 854 monstris-‘saxrxsucrxon

143 3610 242 3687 hacc
268 3607 369 3713 ipsa,
417 3611 564 3791 quipffae
599 3610 816 3717 admodum
854 3611 1033 3717 copiosa,
1075 3609 1260 3717 singulari

77 3718 80 3723 ’
142 3716 276 3789 Tomo
293 3708 486 3791 reseruata
520 3735 673 3791 uerunt.
723 3710 1132 3792 Constavuuxmnxx
1161 3713 1261 3790 Neue
1292 3712 1299 3735 ⁴

144 3811 454 3914 Vnterredungen,
474 3839 525 3892 m.
541 3814 715 3893 libruar.
727 3833 767 3918 p.
781 3826 844 3894 ω’).
863 3817 912 3894 in'
922 3814 1101 3901 eiusdem
1106 3816 1261 3917 scriptis

140 3914 319 4015 satyricis,
348 3918 585 3996 Germanice
620 3917 844 4022 diuulgatis.
912 3924 1134 4023 Interrupta
1160 3943 1260 3995 vero

146 4016 199 4095 est
215 4016 457 4120 aliquamdiu
481 4019 605 4098 editio
619 4019 1033 4118 Amstaelodamen'fis,
1056 4019 1109 4098 ob
1133 4019 1267 4098 horri-

148 4118 227 4195 bile
257 4117 429 4207 bellum,
455 4118 565 4224 quod
586 4140 681 4199 tunc
707 4119 1160 4228 temporis'Hispanicae
1178 4120 1264 4200 suc·

146 4218 324 4298 cessionis
359 4220 484 4299 caulla
523 4220 723 4302 exarserat.
774 4224 1082 4304 Promittebatur
1117 4222 1261 4321 saltim,
1292 4230 1299 4237 '

99 4379 106 4387 .
146 4321 215 4399 sub
237 4319 375 4400 mensis
395 4324 484 4401 Iulii
500 4350 533 4401 a.
555 4352 663 4425 1703.
680 4325 851 4420 initium,
869 4327 1116 4405 continuatio
1134 4325 1263 4404 Diarii

148 4449 271 4527 usque
286 4422 335 4500 ad
350 4423 472 4503 finem
492 4423 673 4505 eiusdem
688 4429 794 4525 anni,
811 4453 932 4507 omne
952 4429 1047 4508 licet
1063 4437 1265 4507 commer-

148 4526 256 4603 cium
293 4525 532 4607 litterarium
578 4553 671 4608 cum
715 4529 839 4610 Gallis
875 4525 968 4611 esset
1001 4529 1299 4638 prohibitum‘

1137 4631 1265 4732 Quod
